@book{dawson_phelan_2016, 
 place={Columbus, OH}, 
 edition={12}, 
 title={Language Files: Materials for an Introduction to Language and 
  Linguistics}, 
 publisher={Ohio State University Press}, 
 author={Dawson, Hope and Phelan, Michael}, 
 year={2016}
} 

@misc{rust_website,
 title={Rust},
 url={https://www.rust-lang.org/},
 journal={Rust Programming Language}
} 

@misc{rust_references,
 title={References and Borrowing}, 
 url={https://rust-book.cs.brown.edu/ch04-02-references-and-borrowing.html},
 journal={The Rust Programming Language},
 year={2023},
 month={Feb}
}

@misc{rust_ownership,
 title={What is Ownership?},
 url={https://rust-book.cs.brown.edu/ch04-01-what-is-ownership.html},
 journal={The Rust Programming Language},
 year={2023},
 month={Feb}
}
