@book{greenbaum,
  place     = {Princeton, NJ},
  title     = {Numerical Methods: Design, Analysis, and Computer Implementation of Algorithms},
  publisher = {Princeton University Press},
  author    = {Greenbaum, Anne and Chartier, Timothy P.},
  year      = {2012},
  pages     = 379
} 